@BOOK{test1,
author = "N. J. A. Sloane and Simon Plouffe",
title = "The Encyclopedia of Integer Sequences",
publisher = "Academic Press",
year = "1995"
}

@article{test2,
author = "Maria Roginskaya",
title = "Asymptotic properties of harmonic and {M}-harmonic functions
on the boundary of the unit ball",
year = "2003",
journal = "Journal of {M}athematical {S}ciences",
volume = "115",
number = "2",
}

@misc{Hittamatkassen,
  author = {Hittamatkassen.se},
  year = {2016},
  title = {Alla ekologiska matkassar},
  url = {https://www.ica.se/handla-online/ica-matkassen/fragor-svar/},
}

@misc{ICA,
  author = {ICA},
  year = {2016},
  title = {Frågor och svar om ICAs matkassar},
  url = {https://www.ica.se/handla-online/ica-matkassen/fragor-svar/},
}

@misc{Gårdsbudet1,
  author = {Gårdsbudet},
  year = {2016},
  title = {Villkor för Gårdsbudet AB},
  url = {https://www.gardsbudet.se/pages/anvandarvillkor},
}

@misc{Grubmarket1,
  author = {Grubmarket},
  year = {2017},
  title = {Welcome to GrubMarket},
  url = {https://www.grubmarket.com/about },
}

@misc{Gårdsbudet2,
  author = {Gårdsbudet},
  year = {2017},
  title = {Gårdsbudet},
  url = {https://www.gardsbudet.se/pages/producenter },
}

@misc{Gårdsbudet3,
  author = {Gårdsbudet},
  year = {2017},
  title = {Om Gårdsbudet},
  url = {https://www.gardsbudet.se/pages/om-oss},
}

@misc{,
  author = {},
  year = {},
  title = {},
  url = {},
}

@misc{Gårdsnära1,
  author = {Gårdsnära},
  year = {2014},
  title = {Kriterier för registrering},
  url = {https://www.gardsnara.se/producentinfo/kriterier},
}

@misc{Gårdsnära2,
  author = {Gårdsnära},
  year = {2017},
  title = {Frågor & svar},
  url = {https://www.gardsnara.se/om_gardsnara/fragor_och_svar},
}

@misc{Gårdsnära3,
  author = {Gårdsnära},
  year = {2017},
  title = {Företaget},
  url = {https://www.gardsnara.se/om_gardsnara/foretaget},
}

@misc{Gårdsnära4,
  author = {Gårdsnära},
  year = {2017},
  title = {Gårdsnära hjälper dig att hitta närproducerat},
  url = {https://www.gardsnara.se/om_gardsnara},
}

@misc{Gårdsnära5,
  author = {Gårdsnära},
  year = {2017},
  title = {Registrera ditt företag},
  url = {https://www.gardsnara.se/producentinfo/registrera},
}

@misc{,
  author = {},
  year = {},
  title = {},
  url = {},
}

